!!!!!!!!!!!!!!!!!!!!!!!!!!!!!!!!!!!!!!!!!!!!!!!!!!!!!!!!!!!!!!!!!!!!!!!!!!!!!!!!!!!
WEBSCRAPING PAPERS
!!!!!!!!!!!!!!!!!!!!!!!!!!!!!!!!!!!!!!!!!!!!!!!!!!!!!!!!!!!!!!!!!!!!!!!!!!!!!!!!!!!

@article{jordan2015machine,
  title={Machine learning: Trends, perspectives, and prospects},
  author={Jordan, Michael I and Mitchell, Tom M},
  journal={Science},
  volume={349},
  number={6245},
  pages={255--260},
  year={2015},
  publisher={American Association for the Advancement of Science}
}

@article{glez2014web,
    title = {Web scraping technologies in an API world},
    author = {Glez-Pe{\~n}a, Daniel and Louren{\c{c}}o, An{\'a}lia and L{\'o}pez-Fern{\'a}ndez, Hugo and Reboiro-Jato, Miguel and Fdez-Riverola, Florentino},
    journal = {Briefings in bioinformatics},
    volume = {15},
    number = {5},
    pages = {788--797},
    year = {2014},
    publisher = {Oxford University Press}
}

@article{hernandez2018web,
  title={A web scraping methodology for bypassing twitter API restrictions},
  author={Hernandez-Suarez, Aldo and Sanchez-Perez, Gabriel and Toscano-Medina, Karina and Martinez-Hernandez, Victor and Sanchez, Victor and Perez-Meana, H{\'e}ctor},
  journal={arXiv preprint arXiv:1803.09875},
  year={2018}
}

Different web scraping applications

@article{haddaway2015use,
  title={The use of web-scraping software in searching for grey literature},
  author={Haddaway, Neal R and others},
  journal={Grey J},
  volume={11},
  number={3},
  pages={186--90},
  year={2015}
}

@article{melchor2020ct,
  title={CT-152: Application of Web-Scraping Techniques for Autonomous Massive Retrieval of Hematologic Patients' Information During SARS-CoV2 Pandemic},
  author={Melchor, Raul Azibeiro and Fonseca, Marta and Rey, Beatriz and Hernandez, Alberto and Puertas, Borja and Gomez, Sandra and Palomino, Danylo and Rom{\'a}n, Luz Gema and Pe{\~n}a, Andres Felipe and Mateos, Maria Victoria},
  journal={Clinical Lymphoma Myeloma and Leukemia},
  volume={20},
  pages={S214},
  year={2020},
  publisher={Elsevier}
}

@article{rajput2019big,
  title={Big raw_flight_logs and social/medical sciences: state of the art and future trends},
  author={Rajput, Adil E and Ahmed, Samara M},
  journal={arXiv preprint arXiv:1902.00705},
  year={2019}
}


@article{sirisuriya2015comparative,
    title = {A comparative study on web scraping},
    author = {Sirisuriya, De S and others},
    year = {2015}
}

Different web scraping techniques

@article{polidoro2015web,
  title={Web scraping techniques to collect raw_flight_logs on consumer electronics and airfares for Italian HICP compilation},
  author={Polidoro, Federico and Giannini, Riccardo and Conte, Rosanna Lo and Mosca, Stefano and Rossetti, Francesca},
  journal={Statistical Journal of the IAOS},
  volume={31},
  number={2},
  pages={165--176},
  year={2015},
  publisher={IOS Press}
}

@article{wilkinson2018accessible,
  title={Accessible, dynamic web content using Instagram},
  author={Wilkinson, Jaci},
  journal={Information Technology and Libraries},
  volume={37},
  number={1},
  pages={19--26},
  year={2018}
}

Twitter API how to bypasse
@inproceedings{hernandez2018can,
  title={Can Twitter API Be Bypassed? A New Methodology for Collecting Chronological Information Without Restrictions.},
  author={Hernandez-Suarez, Aldo and Sanchez-Perez, Gabriel and Toscano-Medina, Karina and Toscano-Medina, Rocio and Martinez-Hernandez, Victor and Olivares-Mercado, Jesus and Perez-Meana, Hector and Sanchez, Victor},
  booktitle={SoMeT},
  pages={453--462},
  year={2018}
}

@article{sohail2021crawling,
  title={Crawling Twitter raw_flight_logs through API: A technical/legal perspective},
  author={Sohail, Shahab Saquib and Khan, Mohammad Muzammil and Arsalan, Mohd and Khan, Aslam and Siddiqui, Jamshed and Hasan, Syed Hamid and Alam, M Afshar},
  journal={arXiv preprint arXiv:2105.10724},
  year={2021}
}

@inproceedings{sembodo2016data,
  title={Data Crawling Otomatis pada Twitter},
  author={Sembodo, J Eka and Setiawan, E Budi and Baizal, Z Abdurahman},
  booktitle={Indonesian Symposium on Computing (Indo-SC)},
  pages={11--16},
  year={2016}
}


@misc{farholt2021less,
  title={Less Detectable Web Scraping Techniques},
  author={F{\"a}rholt, Fredric},
  year={2021}
}

# Building own web data scraper

@inproceedings{mahto2016dive,
  title={A dive into Web Scraper world},
  author={Mahto, Deepak Kumar and Singh, Lisha},
  booktitle={2016 3rd International Conference on Computing for Sustainable Global Development (INDIACom)},
  pages={689--693},
  year={2016},
  organization={IEEE}
}

@book{mitchell2018web,
    title = {Web scraping with Python: Collecting more raw_flight_logs from the modern web},
    author = {Mitchell, Ryan},
    year = {2018},
    publisher = {"O'Reilly Media, Inc."}
}

Difference web scraping web crawling
@book{vanden2018practical,
  title={Practical Web Scraping for Data Science: Best Practices and Examples with Python},
  author={vanden Broucke, Seppe and Baesens, Bart},
  year={2018},
  publisher={Apress}
}

Scrapy applications

@inproceedings{chaulagain2017cloud,
  title={Cloud based web scraping for big raw_flight_logs applications},
  author={Chaulagain, Ram Sharan and Pandey, Santosh and Basnet, Sadhu Ram and Shakya, Subarna},
  booktitle={2017 IEEE International Conference on Smart Cloud (SmartCloud)},
  pages={138--143},
  year={2017},
  organization={IEEE}
}
@article{landers2016primer,
  title={A primer on theory-driven web scraping: Automatic extraction of big raw_flight_logs from the Internet for use in psychological research.},
  author={Landers, Richard N and Brusso, Robert C and Cavanaugh, Katelyn J and Collmus, Andrew B},
  journal={Psychological methods},
  volume={21},
  number={4},
  pages={475},
  year={2016},
  publisher={American Psychological Association}
}

Paper that uses Selenium as web scraping solution

@inproceedings{manjari2020extractive,
  title={Extractive Text Summarization from Web pages using Selenium and TF-IDF algorithm},
  author={Manjari, K Usha and Rousha, Syed and Sumanth, Dasi and Devi, J Sirisha},
  booktitle={2020 4th International Conference on Trends in Electronics and Informatics (ICOEI)(48184)},
  pages={648--652},
  year={2020},
  organization={IEEE}
}

@article{han2021web,
  title={Web scraping for hospitality research: Overview, opportunities, and implications},
  author={Han, Saram and Anderson, Christopher K},
  journal={Cornell Hospitality Quarterly},
  volume={62},
  number={1},
  pages={89--104},
  year={2021},
  publisher={SAGE Publications Sage CA: Los Angeles, CA}
}

Scrapy

@book{kouzis2016learning,
  title={Learning scrapy},
  author={Kouzis-Loukas, Dimitrios},
  year={2016},
  publisher={Packt Publishing Ltd}
}

UNUSED PAPERS
@inproceedings{huang2007extracting,
  title={Extracting Chatbot Knowledge from Online Discussion Forums.},
  author={Huang, Jizhou and Zhou, Ming and Yang, Dan},
  booktitle={IJCAI},
  volume={7},
  pages={423--428},
  year={2007}
}

!!!!!!!!!!!!!!!!!!!!!!!!!!!!!!!!!!!!!!!!!!!!!!!!!!!!!!!!!!!!!!!!!!!!!!!!!!!!!!!!!!!
CAUSE EFFECT PAIR EXTRACTION PAPERS
!!!!!!!!!!!!!!!!!!!!!!!!!!!!!!!!!!!!!!!!!!!!!!!!!!!!!!!!!!!!!!!!!!!!!!!!!!!!!!!!!!!

Overview over the different techniques
@article{asghar2016automatic,
  title={Automatic extraction of causal relations from natural language texts: a comprehensive survey},
  author={Asghar, Nabiha},
  journal={arXiv preprint arXiv:1605.07895},
  year={2016}
}

Clue based method is pattern matching
@article{kaplan1991knowledge,
  title={Knowledge-based acquisition of causal relationships in text},
  author={Kaplan, Randy M and Berry-Rogghe, Genevieve},
  journal={Knowledge Acquisition},
  volume={3},
  number={3},
  pages={317--337},
  year={1991},
  publisher={Elsevier}
}


The paper for the lexico-syntatcit pattern search (my main approach)
@article{sorgente2013automatic,
  title={Automatic extraction of cause-effect relations in Natural Language Text.},
  author={Sorgente, Antonio and Vettigli, Giuseppe and Mele, Francesco},
  journal={DART@ AI* IA},
  volume={2013},
  pages={37--48},
  year={2013},
  publisher={Citeseer}
}


This is the twitter API that can be used
@article{doan2019extracting,
  title={Extracting health-related causality from twitter messages using natural language processing},
  author={Doan, Son and Yang, Elly W and Tilak, Sameer S and Li, Peter W and Zisook, Daniel S and Torii, Manabu},
  journal={BMC medical informatics and decision making},
  volume={19},
  number={3},
  pages={71--77},
  year={2019},
  publisher={BioMed Central}
}


They provide the causal verb list that I use for the low ambiguous words
@inproceedings{girju2002text,
  title={Text mining for causal relations.},
  author={Girju, Roxana and Moldovan, Dan I and others},
  booktitle={FLAIRS conference},
  pages={360--364},
  year={2002}
}

Uses some cind of pattern and also provides an phrase extraction approach and describes the sem eval
task 8 provlem with only one noun. Maybe they also provides something about how to measure the system.
@inproceedings{frattini2020automatic,
  title={Automatic extraction of cause-effect-relations from requirements artifacts},
  author={Frattini, Julian and Junker, Maximilian and Unterkalmsteiner, Michael and Mendez, Daniel},
  booktitle={Proceedings of the 35th IEEE/ACM International Conference on Automated Software Engineering},
  pages={561--572},
  year={2020}
}


An old approach to extract cause effect pairs based on static patterns, focusing on because
@article{khoo1998automatic,
  title={Automatic extraction of cause-effect information from newspaper text without knowledge-based inferencing},
  author={Khoo, Christopher SG and Kornfilt, Jaklin and Oddy, Robert N and Myaeng, Sung Hyon},
  journal={Literary and Linguistic Computing},
  volume={13},
  number={4},
  pages={177--186},
  year={1998},
  publisher={Oxford University Press}
}

@article{khoo1999method,
  title={A method for extracting causal knowledge from textual databases},
  author={Khoo, CHRISTOPHER and Chan, SYIN and Niu, Y and Ang, ALYSSA},
  journal={Singapore journal of library \& information management},
  volume={28},
  pages={48--63},
  year={1999}
}

@inproceedings{khoo2000extracting,
  title={Extracting causal knowledge from a medical database using graphical patterns},
  author={Khoo, Christopher SG and Chan, Syin and Niu, Yun},
  booktitle={Proceedings of the 38th annual meeting of the association for computational linguistics},
  pages={336--343},
  year={2000}
}

!!!!! Machine Learning Approaches !!!!!

This method uses features from
@article{yang2014multi,
  title={Multi level causal relation identification using extended features},
  author={Yang, Xuefeng and Mao, Kezhi},
  journal={Expert Systems with Applications},
  volume={41},
  number={16},
  pages={7171--7181},
  year={2014},
  publisher={Elsevier}
}

@inproceedings{girju2003automatic,
  title={Automatic detection of causal relations for question answering},
  author={Girju, Roxana},
  booktitle={Proceedings of the ACL 2003 workshop on Multilingual summarization and question answering},
  pages={76--83},
  year={2003}
}


Cue based methods
@inproceedings{marcu2002unsupervised,
  title={An unsupervised approach to recognizing discourse relations},
  author={Marcu, Daniel and Echihabi, Abdessamad},
  booktitle={Proceedings of the 40th annual meeting of the association for computational linguistics},
  pages={368--375},
  year={2002}
}


@inproceedings{chang2004causal,
  title={Causal relation extraction using cue phrase and lexical pair probabilities},
  author={Chang, Du-Seong and Choi, Key-Sun},
  booktitle={International Conference on Natural Language Processing},
  pages={61--70},
  year={2004},
  organization={Springer}
}

The IBM paper
@inproceedings{Hassanzadeh19,
  author    = {Oktie Hassanzadeh and
               Debarun Bhattacharjya and
               Mark Feblowitz and
               Kavitha Srinivas and
               Michael Perrone and
               Shirin Sohrabi and
               Michael Katz},
  title     = {Answering Binary Causal Questions Through Large-Scale Text Mining:
               An Evaluation Using Cause-Effect Pairs from Human Experts},
  booktitle = {Proceedings of the Twenty-Eighth International Joint Conference on
               Artificial Intelligence, {IJCAI} 2019, August 10-16, 2019, Macao, China},
  year      = {2019}
}

The main paper for extracting phrases
@article{sharp2016creating,
  title={Creating causal embeddings for question answering with minimal supervision},
  author={Sharp, Rebecca and Surdeanu, Mihai and Jansen, Peter and Clark, Peter and Hammond, Michael},
  journal={arXiv preprint arXiv:1609.08097},
  year={2016}
}


@inproceedings{rink2010learning,
  title={Learning textual graph patterns to detect causal event relations},
  author={Rink, Bryan and Bejan, Cosmin Adrian and Harabagiu, Sanda},
  booktitle={Twenty-Third International FLAIRS Conference},
  year={2010}
}


Supervised method to detect causeal realtions not cause effect pairs
@inproceedings{blanco2008causal,
  title={Causal relation extraction},
  author={Blanco, Eduardo and Castell, Nuria and Moldovan, Dan},
  booktitle={Proceedings of the Sixth International Conference on Language Resources and Evaluation (LREC'08)},
  year={2008}
}


This approach uses an unsupervised machine learning appraoch to find cause effect pairs
!!! This is super interesting because they say how they measure the cause effect pairs and they have an similar output like we
!!! They only say if one word is in the phrase then it is correct we improve that with IuO
@article{pawar2021knowledge,
  title={Knowledge-based Extraction of Cause-Effect Relations from Biomedical Text},
  author={Pawar, Sachin and More, Ravina and Palshikar, Girish K and Bhattacharyya, Pushpak and Varma, Vasudeva},
  journal={arXiv preprint arXiv:2103.06078},
  year={2021}
}


@inproceedings{roemmele2011choice,
  title={Choice of plausible alternatives: An evaluation of commonsense causal reasoning},
  author={Roemmele, Melissa and Bejan, Cosmin Adrian and Gordon, Andrew S},
  booktitle={2011 AAAI Spring Symposium Series},
  year={2011}
}

This paper could be important because it shows how to label the data correct
@inproceedings{xu2020review,
  title={A Review of Dataset and Labeling Methods for Causality Extraction},
  author={Xu, Jinghang and Zuo, Wanli and Liang, Shining and Zuo, Xianglin},
  booktitle={Proceedings of the 28th International Conference on Computational Linguistics},
  pages={1519--1531},
  year={2020}
}

This gitub repo contains different cause effect papers and toolboxes together gives an good overview
https://github.com/rguo12/awesome-causality-algorithms#toolboxes
@article{guo2020survey,
  title={A survey of learning causality with raw_flight_logs: Problems and methods},
  author={Guo, Ruocheng and Cheng, Lu and Li, Jundong and Hahn, P Richard and Liu, Huan},
  journal={ACM Computing Surveys (CSUR)},
  volume={53},
  number={4},
  pages={1--37},
  year={2020},
  publisher={ACM New York, NY, USA}
}


Decofounder
@article{wang2019blessings,
  title={The blessings of multiple causes},
  author={Wang, Yixin and Blei, David M},
  journal={Journal of the American Statistical Association},
  volume={114},
  number={528},
  pages={1574--1596},
  year={2019},
  publisher={Taylor \& Francis}
}

Potental Base Line Approaches
https://github.com/prateekguptaiiitk/Causal_Relation_Extraction

They have a dataset with anotations of each word in the dataset, and they use sem-eval task 8 dataset
https://sites.google.com/view/cerex-fire2020/home

!!!!!!!!!!!!!!!!!!!!!!!!!!!!!!!!!!!!!!!!!!!!!!!!!!!!!!!!!!!!!!!!!!!!!!!!!!!!!!!!!!!
Causal Graph PAPERS
!!!!!!!!!!!!!!!!!!!!!!!!!!!!!!!!!!!!!!!!!!!!!!!!!!!!!!!!!!!!!!!!!!!!!!!!!!!!!!!!!!!

The paper from pretschner they tryed to combine different graphs together to one to understand UAV systems better
@inproceedings{ibrahim2019practical,
  title={Practical causal models for cyber-physical systems},
  author={Ibrahim, Amjad and Kacianka, Severin and Pretschner, Alexander and Hartsell, Charles and Karsai, Gabor},
  booktitle={NASA Formal Methods Symposium},
  pages={211--227},
  year={2019},
  organization={Springer}
}

The DoWhy framwwork
@article{sharma2020dowhy,
  title={DoWhy: An end-to-end library for causal inference},
  author={Sharma, Amit and Kiciman, Emre},
  journal={arXiv preprint arXiv:2011.04216},
  year={2020}
}

The paper why causal inference is in robotics important
@inproceedings{stocking2022robot,
  title={From Robot Learning To Robot Understanding: Leveraging Causal Graphical Models For Robotics},
  author={Stocking, Kaylene Caswell and Gopnik, Alison and Tomlin, Claire},
  booktitle={Conference on Robot Learning},
  pages={1776--1781},
  year={2022},
  organization={PMLR}
}

The paper that was in the proposal for causal inference
@article{hellstrom2021relevance,
  title={The relevance of causation in robotics: A review, categorization, and analysis},
  author={Hellstr{\"o}m, Thomas},
  journal={Paladyn, Journal of Behavioral Robotics},
  volume={12},
  number={1},
  pages={238--255},
  year={2021},
  publisher={De Gruyter}
}


!!!!!!!!!!!!!!!!!!!!!!!!!!!!!!!!!!!!!!!!!!!!!!!!!!!!!!!!!!!!!!!!!!!!!!!!!!!!!!!!!!!
REFERENCE FOR THEORETICAL BACKGROUND
!!!!!!!!!!!!!!!!!!!!!!!!!!!!!!!!!!!!!!!!!!!!!!!!!!!!!!!!!!!!!!!!!!!!!!!!!!!!!!!!!!!

For the dependency background the corresponding paper
@inproceedings{de2008stanford,
  title={The Stanford typed dependencies representation},
  author={De Marneffe, Marie-Catherine and Manning, Christopher D},
  booktitle={Coling 2008: proceedings of the workshop on cross-framework and cross-domain parser evaluation},
  pages={1--8},
  year={2008}
}

The manual where the different dependncies are explained
@misc{de2008stanfordmanual,
  author = {Marie-Catherine de Marneffe and Christopher D. Manning},
  title = {Stanford typed dependencies manual},
  howpublished = "\url{https://downloads.cs.stanford.edu/nlp/software/dependencies_manual.pdf}",
  year = {2008},
  note = "[Online; accessed 24-Jan-2022]"
}

The reference for the explanation of the POS tags
@misc{universaldependenciesl,
  title = {Universal POS tags},
  howpublished = "\url{https://universaldependencies.org/u/pos/}",
  year = {2014-2021},
  note = "[Online; accessed 24-Jan-2022]"
}

This is the advanced dependncy pattern approach
https://www.qualicen.de/detecting-cause-effect-relations-in-natural-language/

!!!!!!!!!!!!!!!!!!!!!!!!!!!!!!!!!!!!!!!!!!!!!!!!!!!!!!!!!!!!!!!!!!!!!!!!!!!!!!!!!!!
Evaluation Methods
!!!!!!!!!!!!!!!!!!!!!!!!!!!!!!!!!!!!!!!!!!!!!!!!!!!!!!!!!!!!!!!!!!!!!!!!!!!!!!!!!!!

@inproceedings{li2013distance,
  title={Distance weighted cosine similarity measure for text classification},
  author={Li, Baoli and Han, Liping},
  booktitle={International conference on intelligent raw_flight_logs engineering and automated learning},
  pages={611--618},
  year={2013},
  organization={Springer}
}
